<record><leader>00000cas a2200000 a 4500</leader><controlfield tag="001">13239454</controlfield><controlfield tag="008">860305d19651975couwr ne      0    0eng d</controlfield><datafield ind1=" " ind2=" " tag="010"><subfield code="a">sn 86063174 </subfield></datafield><datafield ind1=" " ind2=" " tag="040"><subfield code="a">KSH</subfield><subfield code="b">eng</subfield><subfield code="c">KSH</subfield><subfield code="d">NPT</subfield><subfield code="d">NSD</subfield><subfield code="d">CNQ</subfield><subfield code="d">OCL</subfield><subfield code="d">OCLCQ</subfield></datafield><datafield ind1=" " ind2=" " tag="019"><subfield code="a">22301269</subfield></datafield><datafield ind1=" " ind2=" " tag="042"><subfield code="a">msc</subfield></datafield><datafield ind1="0" ind2=" " tag="130"><subfield code="a">Gunnison courier (Gunnison, Colo. : 1965)</subfield></datafield><datafield ind1="1" ind2="4" tag="245"><subfield code="a">The Gunnison courier.</subfield></datafield><datafield ind1=" " ind2=" " tag="260"><subfield code="a">Gunnison, Colo. :</subfield><subfield code="b">Gunnison Newspapers</subfield></datafield><datafield ind1=" " ind2=" " tag="300"><subfield code="a">v.</subfield></datafield><datafield ind1=" " ind2=" " tag="310"><subfield code="a">Weekly</subfield></datafield><datafield ind1="0" ind2=" " tag="362"><subfield code="a">Vol. 40, no. 5 (Feb. 1, 1965)-v. 42, no. 32 (Aug. 11, 1975).</subfield></datafield><datafield ind1=" " ind2=" " tag="515"><subfield code="a">Title varies slightly.</subfield></datafield><datafield ind1=" " ind2=" " tag="530"><subfield code="a">Available on microfilm from the Colorado Historical Society.</subfield></datafield><datafield ind1=" " ind2=" " tag="580"><subfield code="a">Merged with: Gunnison news champion, and: Gunnison County globe, to form: Gunnison country times.</subfield></datafield><datafield ind1=" " ind2=" " tag="752"><subfield code="a">United States</subfield><subfield code="b">Colorado</subfield><subfield code="c">Gunnison</subfield><subfield code="d">Gunnison.</subfield></datafield><datafield ind1="0" ind2="0" tag="780"><subfield code="t">Courier (Gunnison, Colo.)</subfield><subfield code="w">(DLC)sn 86063173</subfield></datafield><datafield ind1="1" ind2="7" tag="785"><subfield code="t">Gunnison news champion (Gunnison, Colo. : 1947)</subfield><subfield code="w">(DLC)sn 86063217</subfield></datafield><datafield ind1="1" ind2="7" tag="785"><subfield code="t">Gunnison County globe</subfield></datafield><datafield ind1="1" ind2="7" tag="785"><subfield code="t">Gunnison country times</subfield><subfield code="w">(DLC)sn 86063219</subfield></datafield><datafield ind1="1" ind2=" " tag="029"><subfield code="a">AU@</subfield><subfield code="b">000022167341</subfield></datafield></record>